<?xml version="1.0" encoding="UTF-8"?>
<collection xmlns:xsi="http://www.w3.org/2001/XMLSchema-instance" xsi:schemaLocation="http://www.loc.gov/MARC21/slim http://www.loc.gov/standards/marcxml/schema/MARC21slim.xsd" xmlns="http://www.loc.gov/MARC21/slim">
<record>
  <leader>00832cam a22002291  4500</leader>
  <controlfield tag="001">2796577</controlfield>
  <controlfield tag="003">NNC</controlfield>
  <controlfield tag="005">20050518170231.0</controlfield>
  <controlfield tag="008">001211s1912    tu            000 0 ara d</controlfield>
  <datafield tag="035" ind1=" " ind2=" ">
    <subfield code="a">(OCoLC)ocm45537326</subfield>
  </datafield>
  <datafield tag="035" ind1=" " ind2=" ">
    <subfield code="9">ARR5416CU</subfield>
  </datafield>
  <datafield tag="035" ind1=" " ind2=" ">
    <subfield code="a">(NNC)2796577</subfield>
  </datafield>
  <datafield tag="040" ind1=" " ind2=" ">
    <subfield code="a">ZCU</subfield>
    <subfield code="c">ZCU</subfield>
  </datafield>
  <datafield tag="099" ind1=" " ind2=" ">
    <subfield code="a">895.4</subfield>
    <subfield code="a">T152</subfield>
  </datafield>
  <datafield tag="110" ind1="2" ind2=" ">
    <subfield code="a">Tamim-i Maarif ve Islâh-ĭ Huruf Cemiyeti.</subfield>
  </datafield>
  <datafield tag="245" ind1="1" ind2="3">
    <subfield code="a">al-Ḫaṭṭ al-cadīd wamanāfiʻuh.</subfield>
  </datafield>
  <datafield tag="260" ind1=" " ind2=" ">
    <subfield code="a">[İstanbul?]</subfield>
    <subfield code="b">Hürriyet Matbaasĭ,</subfield>
    <subfield code="c">1330 [1912]</subfield>
  </datafield>
  <datafield tag="300" ind1=" " ind2=" ">
    <subfield code="a">31 p.</subfield>
  </datafield>
  <datafield tag="490" ind1="1" ind2=" ">
    <subfield code="a">Its Neşriyat,</subfield>
    <subfield code="v">adet 3</subfield>
  </datafield>
  <datafield tag="500" ind1=" " ind2=" ">
    <subfield code="a">On back-cover: "Kitāb waḍaʻahū muʾallif al-Ḫaṭṭ al-cadīd, al-duktūr Ismāʻīl Ḥaḳḳī Bek al-Mīlāsī, bi-al-Turkīya ['Yeni yazĭ']"</subfield>
  </datafield>
  <datafield tag="810" ind1="2" ind2=" ">
    <subfield code="a">Tamim-i Maarif ve Islâh-ĭ Huruf Cemiyeti.</subfield>
    <subfield code="t">Neşriyat ;</subfield>
    <subfield code="v">adet 3.</subfield>
  </datafield>
  <datafield tag="955" ind1=" " ind2=" ">
    <subfield code="b">CU58675167</subfield>
    <subfield code="d">off,glx</subfield>
    <subfield code="e">895.4 T152</subfield>
  </datafield>
</record>
</collection>